3144 4886
255 313 321 380 92⁰
621 329 653 374 c.
677 325 794 375 rnrrrrr
818 325 981 378 sacurem

258 475 314 539 Ab
338 471 388 536 bis
410 471 565 536 ommbus
579 477 686 534 rante
710 468 905 534 solitudines
927 469 1083 533 orientem
1097 487 1215 533 versus
1235 489 1341 553 neque

259 575 303 640 ed
329 574 577 651 Garamantas,³
605 569 823 654 Angylesque
846 578 881 634 et
905 569 1145 653 Troglodytas:
1166 570 1344 636 verissima

259 675 410 758 opinione
434 694 557 750 eorurn,
582 674 640 755 qui
664 673 804 736 desertis
825 668 969 736 Africae¹
984 670 1070 736 duas
1084 671 1274 754 AEtbiopias
1288 691 1345 737 eu-

259 781 457 858 perponunt,
478 781 512 839 et
532 779 607 838 ante
631 791 746 837 omnes
769 769 932 851 Homeri,i
948 773 1007 856 qni
1027 773 1229 854 bipertitost
1248 775 1345 838 tradit

259 875 449 958 AEtbiopns,
464 874 506 938 ad
522 875 679 938 orientem
695 891 921 957 occasumque
935 891 1062 938 versos.
1106 873 1202 956 Nigri
1216 871 1345 940 tluriok

171 1022 174 1028 ,
261 975 380 1040 eadem
396 985 523 1052 natum,
545 995 621 1058 quae
649 975 751 1040 Nilo:
773 975 950 1052 calamum,
965 983 999 1038 et
1021 993 1195 1057 papyrum,
1218 982 1252 1038 et
1273 993 1346 1039 eas·

261 1076 335 1141 dem
376 1077 477 1158 gignit
507 1077 701 1152 animantes,
729 1075 913 1158 iisdemque
942 1077 1147 1157 temporibus
1182 1077 1347 1158 augescit.

264 1177 377 1242 Oritur
390 1179 476 1241 inter
490 1178 648 1242 Tareleos
662 1177 851 1260 AEtbiopas,
867 1184 903 1240 et
917 1173 1112 1240 OEcnlicas.¹
1144 1173 1270 1240 Horum
1286 1196 1348 1260 op·

261 1277 377 1360 pidum
387 1283 409 1312 ¹¹
425 1277 541 1342 Mavin
557 1285 591 1324 ⁵⁹
606 1277 743 1361 quidem
772 1276 1009 1342 solitudinibus
1030 1278 1269 1360 imposuerunt,
1286 1279 1348 1342 At-

172 1384 175 1390 '
262 1377 372 1442 lautas
391 1379 493 1462 juxta
518 1387 604 1454 eos,⁰
618 1379 805 1462 AEgipanas
833 1379 1016 1455 semiferos,
1037 1385 1070 1442 et
1092 1379 1292 1462 Btemmyus,
1314 1385 1348 1442 et

266 1477 547 1563 Gamphasantas,
562 1487 599 1544 et
623 1481 775 1563 Satyros,
795 1487 830 1542 et
844 1479 1127 1563 Himantopodas.
1170 1477 1349 1544 Atlautcsr

266 1579 443 1659 degeneres
466 1589 540 1645 sunt
565 1581 703 1646 bnmuni
731 1582 829 1657 ritus,
845 1581 875 1643 si
902 1579 1076 1645 credimus.
1122 1580 1213 1646 Nam
1241 1600 1349 1666 neque

267 1945 375 1990 nou-t
392 1940 458 1990 ltae
477 1941 544 2003 Reg.
555 1945 576 1990 t.
593 1941 698 2004 scripsit
713 1943 826 1992 Erotier.
846 1955 917 2004 aeger
933 1941 1092 1989 ommate·
1108 1939 1134 1988 ia
1150 1939 1244 1989 cetaria
1259 1938 1353 1988 edd.-

266 2009 282 2052 t
301 2005 391 2064 Margo
402 2005 461 2054 edd·
472 2005 561 2053 Dalec.
572 2012 599 2054 et
615 2006 727 2055 Gronov.
743 2005 875 2068 bipartitur.
901 2005 964 2054 Mox
980 2018 1128 2066 cumamque
1144 2017 1223 2052 emm
1237 2003 1353 2054 Tolen-

268 2074 283 2116 t
300 2067 410 2129 Magiam
427 2065 511 2118 curer.
527 2069 599 2128 Mox,
617 2071 805 2133 iaterpcreereat
825 2069 937 2119 Pintian.
948 2069 1067 2131 juxtaque
1084 2081 1122 2116 eor
1138 2063 1271 2118 cuitu-o
1288 2067 1352 2118 ced.

759 2310 866 2363 Nom

270 2456 364 2516 trione,
388 2455 492 2506 Gaaluto
502 2455 534 2506 ab
553 2463 650 2521 austro,
668 2471 793 2507 oceanum
866 2453 1353 2518 ¹OEeatieur1'llraareaetrrocatl’te·

270 2532 430 2583 Atlanticum
442 2532 475 2581 ab
487 2547 590 2583 occasu.
829 2534 942 2590 lemnon,
957 2546 997 2581 rr.
1008 2536 1034 2582 d.
1053 2532 1121 2581 inter
1130 2529 1264 2590 AEtlriopaa
1272 2528 1357 2578 orien-

302 2606 439 2657 ’Πραικία
457 2608 561 2670 Mure]
594 2609 670 2659 Ultra
692 2609 795 2660 deserta
832 2611 913 2660 tales:
940 2609 984 2658 nbi
1013 2621 1081 2656 nune
1102 2621 1181 2670 regna
1202 2605 1309 2664 laesere
1329 2611 1359 2654 et

270 2683 379 2748 Africa,
391 2700 480 2734 rerrna
492 2684 626 2736 Austrum.
832 2687 958 2750 (ἔπειτα,
967 2683 1126 2747 Nigriturnm
1138 2681 1251 2745 regione,
1263 2681 1300 2731 ibi
1310 2682 1359 2730 Τα-

300 2758 310 2800 l
334 2758 444 2820 flumem]
467 2758 562 2822 Odyra.
576 2767 604 2809 Α.
616 2764 658 2810 28.
678 2759 795 2824 Altheae,
833 2762 894 2812 relei
904 2761 964 2810 clim
976 2769 1004 2810 et
1014 2759 1138 2809 OEcaliere
1148 2757 1269 2810 fueruntc
1286 2755 1322 2806 illi
1332 2758 1360 2806 iu

271 2831 309 2883 rol
321 2833 391 2895 agot
399 2832 527 2891 δεδαίαται,
538 2833 638 2896 legurm
652 2836 751 2900 lupen,
766 2838 796 2887 ot
833 2837 956 2887 ulteriore
978 2836 1068 2900 Nigris
1083 2837 1141 2898 ripa
1162 2831 1254 2898 positi:
1272 2833 1313 2883 iati
1331 2833 1359 2882 in

271 2906 317 2969 nir
334 2907 461 2968 δυσομένου
471 2907 601 2971 'trema
617 2910 641 2960 ol
651 2911 672 2960 θ’
683 2911 796 2963 Mnus.
833 2913 964 2961 citeriore.

273 2987 400 3036 Memor
415 2985 532 3034 men
550 2987 685 3050 AEtttopae,
700 3003 798 3051 geomar
865 2995 882 3021 ¹¹¹
899 2989 993 3038 llorere
1024 2984 1145 3054 oppidum]
1178 2985 1361 3042 OEculirarnm,

271 3063 348 3112 altera
358 3061 437 3111 suen
452 3061 592 3112 Nereeatear
607 3063 662 3112 liar
679 3065 746 3126 regio
761 3064 797 3126 uir
835 3065 929 3129 inqult‚
940 3064 1063 3128 oppidum
1079 3063 1195 3112 nonnulli
1203 3062 1290 3112 rtatim
1302 3069 1363 3124 post

273 3141 321 3200 det,
331 3140 407 3188 alteru
418 3138 679 3191 ernanum-⁶
689 3141 748 3190 Nou
760 3141 797 3190 ri·
835 3139 934 3190 Atrion
945 3141 1107 3198 aolitrrdiner,
1118 3137 1152 3187 de
1171 3137 1262 3201 quibus
1273 3135 1362 3201 proxi·

274 3214 313 3264 dit
334 3214 434 3263 Plinio·
453 3213 586 3279 AEtbiopaa
603 3216 669 3277 illae,
685 3217 717 3267 ad
736 3231 798 3281 quor
836 3218 985 3268 mediorum
997 3217 1196 3279 cut,cclloeant.

274 3288 405 3338 Homerus
421 3291 485 3340 ruari
495 3290 630 3341 divertium
641 3292 716 3358 fingit
724 3294 798 3357 illyr·
869 3301 880 3326 ¹¹
899 3292 995 3355 Mucia]
1006 3295 1038 3342 ll.
1049 3297 1073 3341 1.
1083 3296 1109 3341 2.
1122 3291 1197 3342 Cclb.
1207 3293 1230 3338 l.
1241 3293 1265 3338 ἱ.
1278 3287 1362 3338 Parin.

275 3377 340 3426 tem,
357 3362 487 3414 fabulosos
505 3379 580 3426 etee3
597 3367 658 3416 nibil
676 3368 744 3417 alind
763 3367 799 3417 ibi
838 3366 923 3419 chiffl.
944 3369 1063 3429 Magium.

274 3438 434 3502 rignifieante
455 3448 524 3502 rete,
541 3456 615 3505 quam
632 3444 748 3508 Ulyssem
766 3459 799 3494 eo
869 3445 1010 3494 veruna
1026 3445 1099 3505 juta
1117 3441 1166 3504 eoa]
1184 3441 1363 3508 Sobiutellige,

275 3516 508 3578 navigationieeuae
521 3520 799 3583 temporeineulpatam
838 3519 940 3581 quidam
961 3526 1109 3582 posuerunt.
1141 3517 1235 3582 Neque
1252 3518 1319 3566 enirn
1333 3517 1364 3566 fi-

276 3591 380 3642 duxiree
389 3593 584 3658 vitam,qrrelem
592 3610 669 3660 agere
675 3599 798 3659 negatlro·
838 3595 897 3646 deur
908 3596 950 3645 bie
961 3597 1015 3658 inae
1026 3609 1096 3643 enum
1106 3593 1212 3658 obligat,
1222 3593 1267 3641 sed
1277 3591 1309 3640 ud
1320 3606 1365 3642 eoa

277 3668 594 3731 rniuee‚nirieatrubunc
613 3687 688 3735 pene
703 3673 800 3731 orbern,
838 3673 927 3737 rejicit
952 3679 1071 3721 unctores
1102 3671 1145 3734 qul
1174 3667 1364 3732 prodiderunt:

279 3749 324 3792 ant
347 3745 372 3792 iu
392 3754 507 3795 extremo
529 3747 577 3798 irtn
598 3756 670 3799 certe
697 3751 803 3812 poeitca,
839 3749 1009 3811 Pomponium
1030 3747 1125 3797 blelrrn
1141 3745 1265 3809 inprimis,
1283 3761 1298 3793 a
1314 3759 1366 3808 qun

239 3843 242 3850 ·
277 3833 342 3882 quoa
353 3819 486 3882 AEtbionaa
498 3821 634 3872 orientales
646 3829 674 3873 et
684 3825 801 3875 occiden-
839 3825 895 3872 lrrec
910 3823 1058 3872 adverbum
1070 3829 1189 3885 accepta,
1205 3835 1223 3870 r.
1242 3827 1268 3872 8.
1285 3825 1366 3885 nlo.

280 3894 345 3943 talea
356 3893 449 3943 vocat.'
468 3894 570 3944 sume.
840 3906 867 3949 et
879 3904 918 3948 ll.
928 3899 1155 3962 ‘transcripserunt
1171 3897 1261 3946 eadem
1281 3913 1296 3946 a
1312 3896 1369 3946 Pli-

311 3967 323 4002 ¹
341 3969 418 4032 Nigri
421 3969 510 4034 fluuio]
521 3971 584 4020 Hac
597 3971 704 4022 tolidem
721 3974 803 4022 verbis
840 3975 883 4024 niu
895 3975 996 4024 Solinus
1005 3991 1063 4039 cap.
1074 3979 1115 4024 81.
1126 3987 1152 4037 p.
1162 3977 1203 4022 58.
1220 3981 1248 4023 et
1256 3973 1369 4024 Martia·

279 4047 392 4106 Sullana,
402 4060 461 4108 cup.
471 4049 511 4094 tt).
523 4060 548 4108 p.
562 4049 602 4094 bb.
614 4054 641 4095 et
656 4047 802 4098 Martianus
840 4065 897 4114 nna,
909 4052 958 4099 loc.
969 4052 1014 4101 cit.

280 4123 326 4172 lib.
336 4135 373 4173 rr.
393 4137 450 4186 cap.
469 4121 502 4170 de
521 4121 637 4172 interiori
658 4121 756 4180 Africa,
774 4141 800 4190 p.
873 4125 1026 4188 alturus]
1053 4125 1162 4175 Ultimos
1189 4125 1220 4173 ad
1249 4137 1369 4176 necarem

280 4200 338 4247 ill.
842 4201 962 4251 Attentaa
974 4207 1048 4250 vocat
1060 4201 1139 4264 Mela,
1148 4201 1205 4250 luen
1216 4200 1263 4251 cit.
