3144 4886
559 335 647 388 uno.
670 339 769 389 ursr.
792 341 862 388 nrn.
883 340 921 390 v.
942 323 974 390 ⁵.
1240 329 1307 396 elo

217 481 351 564 quippe¹
361 478 515 544 Gadibus
530 480 638 562 genito
653 481 774 546 civitas
791 480 943 547 Romana
957 502 1034 549 cum
1049 483 1159 550 Bulbo
1175 486 1303 569 majore

216 589 338 662 patruo
353 581 432 646 data
446 589 505 645 est.
552 579 594 644 Et
607 580 671 645 boc
687 583 815 658 mirum,
832 583 1027 665 supradicta
1047 585 1174 667 oppida
1196 586 1239 648 ab
1261 603 1304 649 eo
1393 641 1396 646 .

217 689 327 764 captu,
356 689 510 747 auctores
539 686 672 746 nostros
699 682 909 765 prodidisse:
931 684 1040 766 ipsum
1065 686 1098 750 in
1121 685 1300 767 triumpho,

215 791 339 864 praeter
359 782 544 866 Cydamum
570 786 602 844 et
626 780 819 860 Garamam,
838 785 985 848 omnium
1001 787 1140 852 aliarum
1154 786 1303 867 gentium

214 883 413 966 urbiumque
427 883 560 946 nomina
575 901 617 946 ae
634 883 810 948 simulacra
824 883 976 960 duxisse,
992 905 1070 969 quae
1084 887 1154 950 iere
1168 887 1233 952 boc
1250 906 1303 951 or-

216 982 304 1047 dine.
340 983 519 1048 Tabidium
533 991 557 1030 ¹⁷
571 991 585 1030 ⁹
599 983 771 1065 oppidum,
786 982 938 1046 Niterisl
951 985 1055 1063 natio,
1071 985 1303 1068 Negligemela

214 1084 387 1166 oppidum,
410 1085 576 1148 Bubeium
586 1083 689 1162 natio,
704 1084 758 1147 vel
773 1083 945 1167 oppidum,
960 1085 1059 1168 Enipi
1083 1087 1184 1164 natio,
1210 1086 1302 1150 Thu·

214 1185 301 1248 ben'
322 1185 505 1268 oppidum:
527 1203 623 1250 mons
647 1185 780 1249 nomine
808 1183 931 1265 Niger:
957 1184 1141 1262 Nitibrum,
1169 1185 1302 1268 Rapsa,

214 1286 360 1368 oppida:
385 1286 527 1350 Discere
540 1285 672 1363 natio,¹⁸
695 1285 819 1347 Debris
840 1284 1012 1368 oppidum,
1034 1286 1156 1350 flumen
1174 1286 1304 1352 Natbu·

214 1388 285 1462 bur,
301 1386 496 1469 Tapsagnm
511 1387 681 1469 oppidum,
698 1384 875 1468 Nauuagi¹
895 1387 999 1463 natio,
1016 1387 1105 1450 Boin
1126 1387 1302 1469 oppidum,

213 1487 305 1568 Pege
319 1487 491 1569 oppidum,
507 1487 631 1549 flumen
644 1485 815 1566 Dasipari.
858 1483 945 1548 Mox
960 1485 1106 1567 oppida*
1128 1487 1300 1562 continua,

213 1587 391 1665 Baracum,
413 1586 584 1664 Buluba,¹⁹
598 1583 707 1662 Alasi,
721 1583 837 1662 Balsa,
854 1583 964 1662 Galla,
982 1584 1133 1662 Maxula,
1151 1585 1300 1654 zizama.

213 1685 317 1751 Mons
333 1688 427 1770 Gyri,
441 1689 474 1752 in
489 1706 555 1772 quo
571 1703 716 1768 gemmas
731 1686 823 1750 nasci
839 1684 955 1748 titulus
970 1687 1184 1767 praecessit.²⁰
1196 1693 1210 1720 ¹²
1245 1683 1301 1748 Ad

213 1786 438 1854 Garamantas
461 1790 523 1852 iter
537 1786 771 1869 inexplicabile
795 1775 902 1847 adhuc
917 1784 990 1861 tuit,
1010 1785 1193 1849 latronibus
1219 1805 1299 1868 gen-

212 1889 257 1952 tis
270 1888 342 1972 ejus
353 1897 475 1971 puteos
488 1888 567 1974 (qui
581 1893 658 1952 sunt
669 1905 734 1950 non
749 1886 816 1949 alte
830 1885 990 1964 fodiendi,
1004 1887 1034 1948 si
1048 1887 1195 1950 locorum
1213 1889 1301 1951 noti·

212 1988 260 2052 tia
287 1989 387 2070 adsit)
407 1989 515 2053 arenis
540 1987 775 2076 operientibus
820 1987 981 2050 Proximo
999 1987 1100 2066 bello,
1117 1987 1301 2072 quodcum

213 2087 419 2153 OEensibns'
441 2108 571 2172 gessere
592 2089 694 2152 initiis
709 2087 914 2169 Vespasiani
925 2094 949 2124 ²¹
972 2089 1193 2170 imperatoris,
1208 2106 1300 2151 com·

665 2265 845 2286 mommo

209 2406 272 2450 rant
280 2413 368 2450 omnes
379 2398 457 2449 codd.
469 2397 596 2448 llardolui
607 2405 635 2448 et
644 2397 727 2448 chiffl.
739 2403 794 2446 ueto
804 2396 922 2458 prebent
938 2395 998 2446 edd.
1009 2402 1072 2446 vett.
1083 2401 1110 2444 et
1121 2395 1299 2445 (irenen-ll

102 2479 107 2488 “
211 2465 340 2513 Tabudium
347 2461 431 2514 cetui.
445 2462 562 2510 Tbubudir
569 2462 745 2512 Ptolem-18
761 2459 977 2522 ammonitam.
997 2459 1090 2508 Viscera
1101 2460 1176 2515 nulio,
1187 2465 1214 2507 et
1223 2458 1299 2520 paulo

245 2537 278 2582 nt.
290 2528 405 2586 Dunungi
421 2523 653 2574 satiacum-19
671 2524 749 2572 Balbo
765 2521 849 2573 Clrilll.
872 2523 947 2581 Mox,
959 2523 1043 2582 Goba,
1056 2523 1126 2570 Gallo
1142 2536 1230 2584 margo
1240 2521 1300 2570 edd.

238 2591 303 2639 alec.
321 2598 348 2641 et
362 2591 476 2639 Gronov.
491 2589 574 2645 Bolon,
592 2589 665 2636 Bolia
680 2588 741 2637 Vel.
754 2587 848 2636 Deles.
867 2586 962 2633 anolo
980 2597 1066 2646 margo
1083 2585 1143 2644 edd.
1161 2586 1255 2633 Doleo.
1271 2593 1299 2632 et

209 2645 322 2703 Gronov.
346 2657 449 2717 Cyrnum
468 2651 525 2701 cod.
547 2653 706 2700 Doleo-2⁰
724 2650 794 2699 l'itru
812 2648 917 2712 prodidit
938 2647 996 2696 eod.
1015 2655 1042 2696 et
1062 2648 1122 2696 vet.
1143 2649 1297 2698 ortae-sl

210 2717 302 2781 Margo
313 2717 373 2767 edd.
390 2717 480 2766 Dnlec.
499 2722 527 2765 et
538 2714 652 2765 Gronov.
673 2715 734 2778 quod
749 2729 802 2762 oum
820 2710 946 2762 OEensilm
957 2711 1060 2760 Romani
1078 2725 1171 2773 grum
1187 2711 1300 2773 auspiciis

699 2889 805 2942 Nom

208 3009 323 3070 tempore
334 3005 452 3056 devictis
462 3004 732 3069 gentibustrinmpbn·
804 3009 813 3034 ¹
831 2999 958 3064 Nouaogi]
976 2987 1061 3050 Cb'iffi.
1078 2999 1200 3061 Denunti-
1220 2999 1253 3048 R.
1274 3003 1298 3052 i.

207 3088 277 3130 runt·
309 3081 340 3130 In
358 3081 428 3130 libris
447 3081 570 3129 haetenus
584 3079 661 3129 editis
673 3095 731 3143 per·
773 3075 846 3126 Colb.
857 3079 879 3125 1.
889 3079 913 3124 2.
927 3073 1043 3134 Tamiagi.

208 3169 296 3219 peram
308 3156 378 3204 uniar
392 3155 645 3217 omniumlegebatnr.
676 3155 731 3204 Sal·
803 3153 889 3202 ‘Mos
906 3151 1004 3214 oppido]
1022 3151 1119 3198 Horum
1139 3147 1234 3197 deinde
1252 3161 1298 3210 op·

208 3243 271 3277 mar.
284 3244 309 3291 p.
320 3231 377 3278 ³88.
392 3230 418 3277 in
433 3229 512 3278 Soliu.
523 3235 611 3291 spreta
620 3228 732 3276 omniurn
773 3227 899 3289 pidorum,
915 3226 1008 3288 iuquit,
1025 3224 1050 3270 in
1065 3223 1192 3284 triumpho
1209 3221 1298 3285 inregi-

207 3302 328 3352 librorum
338 3303 389 3354 lida
402 3305 485 3354 locum
502 3317 548 3366 pro
559 3302 667 3352 arbitrio
678 3317 731 3352 mu·
772 3315 817 3350 nas
837 3306 934 3348 secutae
955 3307 1023 3347 suut.
1043 3297 1107 3345 Msr.
1125 3297 1203 3360 paulo
1220 3297 1298 3346 aliter

209 3387 258 3429 tet.
771 3374 827 3425 bue
836 3373 938 3423 nornine
949 3376 1151 3435 representem:
1170 3371 1299 3434 Baracum,

239 3455 405 3518 eramiae]
423 3451 538 3510 aedendis
558 3451 668 3501 Ptolem.
690 3465 728 3500 rr.
772 3447 1147 3511 Helosignlrn,Bollo,Mrrollo‚
1159 3449 1265 3499 curma.

207 3531 232 3578 o.
245 3528 315 3576 eirca
327 3527 453 3590 Bagrada
463 3526 555 3576 sontes.
803 3533 815 3558 ⁸¹
832 3525 924 3574 litatae
935 3523 1067 3586 precem]
1081 3522 1194 3585 Singulis
1208 3524 1298 3572 triurn-

239 3611 252 3645 ‘t
268 3602 377 3664 Niteris]
393 3601 532 3652 Colb.1.2.
552 3599 679 3650 Nitiobrer.
697 3601 731 3650 Et
770 3598 816 3661 phi
826 3597 968 3647 simulacris
982 3596 1070 3644 titulus
1081 3593 1246 3658 affigebatur,
1255 3599 1297 3648 cui

206 3690 266 3726 mox
282 3677 378 3726 Viscera
395 3675 563 3738 proDiseero.
596 3674 693 3725 Quibus
705 3680 732 3723 et
771 3674 895 3736 inscripta
908 3672 1020 3734 gentium
1032 3669 1235 3734 oppidorumque
1252 3672 1297 3722 de·

208 3753 240 3802 R.
251 3757 274 3804 l.
287 3760 313 3801 et
325 3749 409 3802 chiffl.
421 3749 584 3813 suffragatur.
773 3749 898 3799 victorum
917 3747 1027 3796 nomine.
1060 3746 1091 3795 Iu
1108 3747 1171 3796 Mer.
1184 3747 1216 3796 R.
1229 3752 1251 3796 Ι.
1269 3755 1296 3797 et

239 3827 537 3891 'ssuMnJllumnredm
550 3825 731 3888 rpeotrtProe·
772 3824 847 3876 colb.
868 3827 893 3872 2.
909 3823 993 3871 titulos
1010 3822 1139 3884 messuit.
1174 3822 1205 3872 lu
1223 3822 1298 3873 colb.

206 3903 306 3967 positus
318 3903 404 3952 limitis
415 3901 593 3957 Tubuuieusis,
604 3902 671 3951 inter
688 3901 731 3952 Li·
771 3904 796 3950 2.
807 3900 889 3948 titulat
897 3897 1012 3960 prodidit.

205 3977 341 4040 mitaneas,
360 3977 407 4026 sub
428 3976 598 4038 dispositione
624 3976 732 4026 Comitis
803 3977 892 4024 'Cum
910 3972 1048 4036 OEmibrrs]
1065 3972 1106 4022 Ab
1124 3974 1172 4024 OEa
1192 3973 1298 4037 oppido,

207 4050 314 4114 Africa,
324 4054 348 4102 in
359 4051 463 4103 Notitin
475 4051 581 4116 imperii
591 4053 662 4103 Rom.
673 4067 733 4118 erp.
771 4051 805 4102 de
817 4068 868 4117 quo
880 4051 978 4101 dietum
987 4059 1090 4115 estorp.
1100 4055 1127 4101 t.
1158 4050 1238 4100 solini
1251 4064 1295 4111 pn·

209 4129 250 4176 5⁰.
321 4195 324 4200 Ι
772 4127 907 4191 raplrraois,
922 4140 979 4190 cap.
990 4129 1030 4175 29.
1041 4139 1066 4190 p.
1078 4127 1120 4174 64.
1143 4123 1218 4174 ‘Sub
1230 4122 1295 4172 Ves-
