3062 4884
485 413 572 462 uar.
597 413 693 462 ursr.
719 413 789 462 mu.
813 414 870 462 ιιι.
895 399 929 462 3.
1188 405 1252 466 ete

208 571 246 618 rr.
271 555 311 619 lu
326 574 366 618 eo
381 556 486 638 prima
502 556 672 640 Hispania
683 563 835 622 terrarum
846 565 909 634 est,
922 559 1054 624 ulterior
1069 559 1253 644 appellata,

163 657 278 721 eadem
295 657 436 721 Baetica.
483 657 569 722 Mox
584 661 678 724 atine
689 658 850 741 Urgiteno
861 666 894 699 ¹⁸
913 660 1058 737 citerior,
1070 662 1252 743 eademqne

162 757 424 822 Tarraconensis
447 759 491 823 ad
517 759 682 844 Pyrenaea
699 761 793 842 juga.
838 759 988 826 Ulterior
1010 763 1043 825 in
1067 763 1164 840 duas,
1195 782 1254 846 per

164 859 409 942 longitudinem,
430 863 620 944 provincias
642 863 825 926 dividitur.²
866 863 907 928 si
932 863 1091 945 quidemb
1114 863 1252 930 Baeticae

163 959 265 1024 latere
293 959 552 1044 septemtrionali
578 963 798 1047 praetenditur
823 962 1009 1042 Lusitania,
1034 985 1133 1030 amne
1156 963 1253 1032 Anne

163 1061 318 1124 discreta.
350 1061 453 1127 Ortus
467 1063 522 1129 hic
538 1061 773 1130 Laminitanod
787 1083 867 1148 agro
882 1065 1044 1130 citerioris
1060 1066 1251 1148 Hispaniae,

162 1167 194 1226 et
213 1161 314 1225 modo
337 1183 376 1228 sc
399 1163 434 1227 iu
457 1173 578 1248 stagna
599 1165 753 1243 fundens,
768 1166 869 1231 modo
891 1165 927 1230 iu
948 1169 1122 1250 angustias
1143 1187 1252 1232 resor-

162 1261 258 1342 bens,
272 1270 329 1328 aut
343 1265 377 1328 in
393 1273 499 1331 totum
515 1267 678 1332 cuniculis
699 1267 857 1344 condens,
872 1274 905 1332 et
920 1269 1045 1352 saepius
1060 1271 1155 1334 nasci
1170 1289 1252 1352 gou-

161 1363 253 1443 dens,
268 1366 303 1429 in
320 1366 522 1433 Atlanticum
539 1367 712 1434 Oceanum
734 1368 919 1433 effunditur.
963 1368 1226 1434 Tarraconensis
1240 1378 1249 1417 ³

161 1473 272 1532 autem
298 1468 400 1533 affixa
424 1470 598 1553 Pyrenaeo,
621 1475 761 1554 totoque
786 1469 860 1553 ejus
879 1472 984 1534 tatere
1004 1471 1193 1548 decurrens,
1216 1479 1252 1535 et

160 1569 257 1633 simul
271 1571 314 1634 ad
336 1570 526 1637 Gallicum·
545 1570 716 1635 Oceanum
730 1571 863 1635 Iberico
879 1590 899 1634 a
913 1574 995 1636 mari
1011 1581 1198 1637 transverso
1213 1593 1250 1637 se

159 1669 321 1752 pandens,
334 1673 468 1738 Solorio
478 1671 488 1709 ¹
500 1682 622 1752 monte,
630 1682 664 1737 et
676 1671 835 1738 Oretanis
844 1679 857 1718 ⁸
864 1673 966 1758 jugis,
976 1672 1249 1758 Carpetanisque,

158 1777 193 1834 et
207 1768 380 1852 Asturum,
396 1795 417 1838 a
431 1775 562 1840 Baetica
577 1781 677 1859 atque
693 1775 868 1840 Lusitania
884 1774 1106 1856 distinguitur.

205 1890 262 1938 111.
278 1875 432 1956 Baetica,⁸
444 1897 465 1942 a
477 1875 609 1942 flumine
620 1897 694 1943 eam
705 1876 850 1942 mediam
861 1882 995 1941 secante
1008 1877 1250 1959 cognominata,

617 2067 793 2094 'mm

191 2185 258 2234 Car.
271 2199 302 2234 rr.
337 2191 350 2236 l
368 2189 461 2238 Dalec.
477 2187 551 2252 legit,
565 2205 581 2238 o
590 2191 643 2239 sisa
659 2153 851 2250 vinitore-b
861 2186 947 2238 cntffl.
963 2188 990 2236 is
999 2190 1060 2237 dens
1069 2192 1150 2250 pentec
1160 2187 1249 2236 diuidi-

157 2250 540 2368 {wrgmsrzsecfflligccetcsr
552 2253 605 2304 tiso
614 2256 687 2320 effice
699 2253 825 2302 Harduin.
833 2257 857 2301 Β.
867 2258 891 2304 ³.
907 2253 1012 2317 Bipont.
1024 2261 1052 2302 ct
1062 2255 1152 2302 Fraus.
1185 2253 1248 2302 Mox

649 2461 755 2514 NO'l'AE

189 2596 202 2622 ⁸
216 2589 297 2654 Afiss
310 2589 440 2655 Urgitsso]
458 2589 500 2641 Ab
521 2591 616 2656 oppido
635 2592 684 2640 Ur·
723 2605 798 2649 ,ressa
814 2597 905 2653 stagna
917 2589 1012 2650 fundit,
1029 2605 1058 2640 sc
1074 2605 1102 2640 se
1119 2591 1174 2654 ipse
1193 2607 1249 2656 pre-

156 2669 191 2724 ci,
203 2668 246 2732 qrri
259 2668 366 2718 Baeticae
379 2667 447 2729 linis,
459 2668 577 2732 idemque
591 2669 683 2724 ‘l'srrs-
721 2666 769 2717 mit
778 2665 885 2714 subinde
895 2665 1082 2728 angustioribus
1092 2666 1180 2728 alceir,
1189 2681 1249 2716 mcx

155 2745 275 2794 cerrensis
292 2745 402 2804 initium,
423 2752 453 2792 nt
470 2743 571 2794 dicetur
588 2758 646 2807 cap.
658 2747 682 2792 3.
723 2742 749 2792 iu
762 2751 844 2792 totum
861 2742 979 2792 cuniculo
998 2755 1025 2788 sc
1043 2741 1188 2806 abscondit,
1203 2757 1250 2792 aa·

155 2825 219 2871 ett.
244 2820 315 2880 Urci,
327 2820 497 2884 Urguvirgi,
514 2821 600 2870 omnia
616 2821 684 2883 ejus·
723 2817 781 2882 pius
801 2817 839 2866 its
859 2817 928 2866 uesci
945 2815 1074 2878 gaudens:
1098 2817 1249 2880 quodcirca

155 2895 215 2944 dern
227 2895 313 2958 oppidi
329 2903 389 2944 sunt
408 2896 520 2944 nomino.
544 2895 629 2946 Hodie
640 2896 684 2944 Ar-
724 2893 888 2942 Metellinum
905 2892 1037 2955 oppidum,
1055 2893 1144 2941 multis
1162 2891 1195 2940 ab
1213 2894 1251 2955 ip·

154 2985 270 3021 mm·
302 2971 447 3021 blsrtisnus
460 2985 476 3018 s
485 2971 571 3020 Ptinto
583 2977 683 3019 nantun-
722 2971 774 3018 sios
787 2979 878 3018 exortu
891 2967 1013 3029 millibus,
1022 2969 1172 3030 contingere
1184 2967 1249 3018 falso

155 3053 206 3110 tos,
217 3046 263 3096 tib.
277 3059 316 3095 rr.
327 3060 387 3108 pag.
405 3049 462 3096 202.
474 3059 530 3109 cap.
543 3045 576 3094 de
586 3045 680 3108 Hispa·
723 3051 825 3094 veteres
836 3043 981 3092 credidere.

154 3123 215 3174 nis:
226 3121 284 3172 ‘Ab
294 3121 420 3172 Urcitano
429 3121 498 3177 finc,'
509 3123 603 3185 inquit,
614 3129 681 3186 ‘qus
753 3125 764 3151 ³
780 3121 819 3168 Ad
831 3117 961 3181 Gallicum]
979 3117 1030 3170 Qui
1040 3123 1067 3167 ct
1079 3116 1249 3182 Aquitanicus

154 3200 261 3250 citerior
272 3205 349 3258 mest,
359 3197 559 3246 Tarraconensis
568 3196 681 3258 dicitnr,'
722 3195 878 3259 appellatur.

156 3279 206 3324 dre.
224 3273 302 3328 utera,
312 3286 344 3322 rr.
355 3276 379 3322 6.
396 3271 488 3334 ‘Vtrgi
499 3272 525 3322 in
537 3273 595 3321 sinu
604 3287 680 3335 quern
754 3267 764 3302 ¹
776 3269 880 3332 Scurio]
897 3268 1022 3318 Solarium
1036 3277 1112 3318 vocat
1123 3268 1250 3332 Isidorus,

155 3350 316 3412 Virgitsnnm
329 3346 438 3398 cocant-⁹
721 3346 797 3410 Orig.
814 3359 871 3394 xrv.
882 3345 962 3408 &qui
979 3346 1101 3394 montium
1116 3345 1247 3408 llispuuice

186 3426 198 3460 θ
214 3424 243 3474 Si
253 3423 357 3488 quiden]
377 3423 531 3479 Martianus,
542 3423 591 3473 loc.
601 3423 647 3472 cit.
719 3421 868 3472 altissimum
880 3420 974 3482 prodit.
992 3420 1068 3470 Nunc
1079 3429 1172 3470 vocant
1182 3421 1248 3470 Siar-

185 3511 196 3537 ⁶
221 3502 287 3566 Ass]
316 3501 394 3552 Nunc
416 3499 567 3548 Maurorum
594 3499 680 3562 liugos
718 3497 828 3545 redelor
843 3493 984 3544 Vcrts‘estcs.

158 3574 509 3638 cucummoecscflms
519 3575 595 3624 Am.
609 3573 681 3624 ‘wer
752 3579 765 3616 r
789 3569 914 3630 Oretanis]
943 3569 1060 3618 Oretana
1076 3568 1150 3632 jugo,
1171 3570 1248 3623 bodie

156 3651 285 3714 Straboni,
296 3651 340 3700 lib.
352 3663 397 3700 ιιι.
409 3664 434 3713 p.
446 3653 502 3700 189.
720 3647 803 3698 utem
818 3645 974 3695 utinm.-
999 3647 1249 3710 Carpetaus,Sierrs

183 3725 600 3790 ‘leniuitcsomboppiduquod
608 3725 679 3787 Δομί-
720 3723 746 3772 di
762 3721 909 3784 Gssdolepc,
926 3719 1009 3770 Sicera
1025 3721 1051 3769 ds’
1069 3721 1144 3770 Pico:
1172 3723 1250 3772 Astu·

157 3821 203 3854 sm
215 3813 292 3856 vocat
301 3803 468 3862 Ptolomeus,
476 3803 502 3852 in
515 3801 679 3866 Carpetanis,
719 3812 776 3870 rum
794 3797 917 3861 denique,
934 3797 1018 3846 Sicera
1033 3799 1063 3846 dc
1079 3799 1115 3846 tes
1127 3799 1248 3850 Asterius.

159 3888 218 3933 rud.
234 3881 377 3932 Laminium
388 3876 680 3939 Antoninus‚inl¹arrs·
720 3877 773 3926 Pro
785 3876 902 3926 Asterum
917 3873 1017 3924 trustra
1031 3875 1155 3926 Vettonum
1174 3891 1248 3940 repo-

158 3957 269 4016 tenensi,
282 3955 349 4020 quod
362 3943 477 4017 s'copttc
491 3951 603 4002 fluminis
615 3951 679 4003 Aure
720 3955 759 4003 nit
778 3953 853 4006 lose.
871 3953 967 4003 Gcoes.
985 3955 1139 4017 Seputreds,
1162 3955 1246 4018 Epist.

158 4033 250 4083 dirrare
262 4031 298 4080 rit
316 4030 383 4080 idem
400 4041 452 4078 vrr.
467 4041 535 4091 pass.
548 4028 609 4076 mitt.
626 4029 680 4078 llo·
720 4046 763 4082 ιιι.
774 4035 816 4081 tc.
829 4030 860 4080 sd
874 4031 1034 4092 Pintisnnm,
1045 4047 1070 4095 p.
1083 4036 1139 4082 181.

159 4107 196 4157 dic
205 4106 301 4172 oppido
309 4119 400 4156 nomen
409 4113 450 4153 est
459 4103 569 4166 Mostr'ct,
576 4105 679 4154 ettdcnr
751 4113 763 4139 ¹
779 4105 886 4169 Miro]
901 4105 1044 4156 Audalnsis
1054 4121 1119 4155 nrrnc
1131 4114 1245 4168 est,cum

159 4183 348 4246 circumjacenti
364 4194 438 4244 sgro,
451 4181 539 4244 Cssrpo
556 4182 586 4230 de
607 4181 679 4230 Mos·
719 4190 793 4246 parte
804 4181 974 4232 Graortcnris
990 4181 1113 4245 regul—¹
1122 4181 1197 4232 Unde
1213 4187 1248 4234 sit

160 4258 211 4310 rar.-
234 4271 282 4309 ucc
296 4257 384 4322 procot
403 4272 420 4307 s
436 4255 550 4308 tontibus
561 4270 589 4308 se
600 4256 628 4306 in
640 4255 678 4306 di·
718 4267 805 4309 sutem
816 4257 965 4309 Andalusiee
976 4255 1073 4308 tactum
1086 4271 1187 4316 nomen,
1200 4259 1245 4308 nai-
