3096 4880
258 361 344 428 1028
627 377 659 424 n.
682 374 802 424 aurun
827 373 992 425 saeuum
1027 379 1033 410 ··

260 524 388 586 nomine
404 521 569 605 appellat:
591 520 810 586 Metrodorus
825 529 858 587 et
880 519 1064 586 Cleobulus
1080 519 1212 598 chiam,
1228 539 1249 586 a
1273 521 1352 589 chi·

261 634 349 688 one‘
376 622 544 706 nympha:
560 623 674 706 'aliqui
694 643 716 687 a
740 624 839 688 nive:
863 630 898 687 et
917 619 1077 700 Macrin,‘¹
1103 630 1138 686 et
1162 623 1353 707 Pityusam.

260 723 414 788 Montom
449 725 549 788 habet
589 724 817 803 Pettenaeum:
852 744 997 790 marmor
1026 725 1156 790 Chium.
1200 725 1354 791 Circuitu

260 841 380 889 cxxv.
395 822 488 890 mill.s
501 845 660 908 passuum
674 835 683 864 ¹
699 827 838 910 colligit,
861 835 898 892 ut
924 834 1056 892 veteres
1083 827 1263 892 tradidere:
1288 827 1355 891 Isi-

260 925 358 992 dorus
373 943 429 992 sx.
444 927 550 992 millia
570 927 698 1011 adjicit.
743 928 864 992 Posita
877 935 930 991 est
952 930 1035 992 inter
1049 929 1188 992 Samum
1210 934 1245 991 et
1270 927 1354 992 Lesa

259 1029 351 1106 bum,
369 1047 413 1092 ex
429 1028 569 1093 adverso
582 1032 727 1094 maxime
742 1029 981 1113 Erythrarum.⁸

304 1130 469 1195 Finitimae
486 1137 573 1207 sont,
596 1128 784 1209 Thallusal*
810 1150 911 1215 quam
936 1131 992 1195 alii
1017 1129 1256 1215 Daphnusom²
1270 1135 1353 1198 scri-

259 1233 362 1296 bunt:
385 1229 556 1308 OEnussa,i
571 1231 751 1314 Elaphitis,
767 1231 993 1316 Euryanassa,
1009 1232 1180 1314 Arginusa
1201 1253 1277 1297 cum
1291 1255 1353 1319 op-

259 1332 354 1415 pido.
397 1333 476 1397 Jam
502 1331 556 1396 hae
571 1331 601 1380 ³1
618 1335 708 1398 cirea
731 1332 913 1417 Ephesum,
936 1341 969 1399 ot
992 1353 1069 1418 quse
1096 1334 1266 1400 Pisistrati
1291 1355 1353 1402 vo-

717 1513 897 1544 moeones

292 1616 360 1665 Cse.
372 1625 493 1663 xxxvtu.
514 1617 525 1662 l
540 1614 632 1676 Margo
644 1613 703 1663 edd.
715 1616 809 1665 Doleo.
821 1623 848 1666 et
859 1615 975 1666 Gronov.
989 1613 1078 1664 cxli.
1089 1613 1127 1662 Μ.
1137 1614 1172 1665 D.
1181 1629 1243 1677 pass.
1252 1629 1285 1664 es
1297 1619 1354 1680 qni-

259 1678 366 1729 ltustlsm
384 1678 573 1741 impressu-a
598 1679 737 1742 Depressum
759 1681 923 1730 tironum-³
940 1679 999 1728 Just
1018 1679 1068 1728 taee
1089 1677 1218 1729 Basti-s
1240 1681 1355 1732 Οἰανιιιιιι

751 1847 859 1900 Notus

290 1965 338 2013 ”A
361 1964 462 2027 Clitore]
478 1965 633 2030 Stephanus,
653 1979 713 2029 pap.
731 1968 788 2014 ⁷2⁰·
826 1961 868 2012 nio
896 1977 997 2028 qttoque
1021 1963 1133 2014 vocitata
1154 1961 1270 2024 inierint,
1293 1977 1354 2026 esp.

260 2037 317 2090 iilos
317 2072 392 2103 .....
403 2039 476 2097 list
487 2043 532 2100 rip
543 2041 624 2103 χιόνος
638 2043 680 2100 τῆς
691 2042 786 2103 lasivs·
825 2047 955 2103 postremo
972 2040 1045 2104 liujus
1070 2039 1138 2102 libri,
1154 2047 1243 2089 eontra
1258 2039 1354 2102 Bltlty·

260 2114 495 2174 aspernatorem
511 2115 786 2179 ἂπδΝὐμφηςτῆιΧίο·
824 2114 874 2162 stite
902 2114 975 2165 litttts
1002 2115 1028 2163 in
1050 2115 1144 2166 Ponto.
1177 2114 1246 2166 Quin
1268 2125 1354 2178 neque

260 2207 308 2239 ros.
824 2189 983 2238 Ptolomeus
1010 2189 1066 2254 ipse
1093 2204 1180 2238 exsors
1202 2190 1243 2240 hie
1270 2189 1354 2239 omnis

290 2268 355 2316 dlit
375 2267 483 2332 Moerin]
510 2269 608 2332 temple,
624 2268 691 2334 quod
711 2269 787 2332 longa
824 2267 908 2330 eulpae
928 2267 1039 2324 vitietur.
1059 2268 1102 2333 qui
1114 2268 1243 2331 Thynlsdi
1262 2267 1353 2318 insulse

260 2342 347 2394 soret:
366 2347 492 2404 Πιτυοῦσα,
505 2345 571 2410 qttod
587 2345 690 2408 pinnum
702 2343 786 2394 ieras.
824 2342 981 2405 Duphnusia
992 2355 1083 2392 nornen
1094 2343 1203 2392 alterum
1213 2343 1354 2407 sdjntlieet,

259 2419 354 2469 Mirum
375 2427 416 2471 ert
438 2421 597 2470 existimasse
614 2420 723 2478 livium,
740 2421 785 2470 lib.
822 2432 874 2482 quo
883 2418 916 2468 tie
928 2419 1030 2468 nornine
1039 2419 1120 2469 ceteri
1130 2418 1206 2468 silent
1215 2425 1353 2470 suctores:

259 2500 612 2560 xxxv11.psg.458.etl⁵8.
637 2496 786 2558 AEthslinm,
824 2499 965 2561 prasertim
989 2513 1047 2548 eum
1068 2497 1232 2560 Apolloniam
1254 2497 1353 2546 voeits·

259 2571 350 2634 Chion,
369 2579 395 2624 et
417 2574 529 2630 liserin,
551 2581 606 2622 tres
628 2573 734 2633 insulas,
756 2579 786 2622 ut
823 2579 875 2622 tem
892 2587 950 2624 esse
969 2574 1034 2624 hsne
1052 2575 1134 2638 ipsum
1149 2570 1280 2636 'l'hynisds
1296 2572 1353 2621 Pli-

258 2649 372 2711 neruine,
385 2652 421 2698 its
433 2665 460 2701 re
473 2652 528 2714 ipsa
540 2651 657 2712 dispares
670 2648 759 2699 inlesa.
823 2647 879 2696 nius
890 2657 1033 2712 assereret,
1049 2663 1086 2699 vt.
1098 2654 1139 2700 ts.
1151 2657 1178 2698 st
1190 2648 1292 2699 Notitis
1305 2648 1354 2697 Ee·

290 2723 473 2786 ePeltuinum]
499 2726 648 2782 Πελληνιῖον
664 2725 715 2786 ὄρος
728 2724 787 2775 xiov
823 2724 966 2773 elerlsrtics
984 2739 1044 2789 pag.
1061 2730 1102 2775 ⁴5·
1120 2726 1188 2776 inter
1207 2723 1353 2787 Episcopos

259 2796 402 2860 Stephano,
419 2799 499 2848 verbo
514 2798 625 2861 ultrave,
642 2808 669 2849 et
689 2800 785 2864 Diony·
822 2798 951 2863 Bithynia
964 2800 1105 2862 provinciae
1117 2800 1227 2862 septimo
1238 2799 1352 2860 loeosp-

259 2872 307 2930 sio,
317 2884 354 2919 vs.
366 2875 423 2920 635.
439 2872 526 2922 Strsb.
536 2874 581 2921 lib.
592 2879 785 2937 mummolo.
822 2874 902 2938 pellet
921 2873 964 2923 rte
981 2873 1181 2936 Ἀπολλωνιάδοσ,
1197 2875 1243 2924 lton
1255 2881 1306 2936 est,
1320 2877 1352 2923 ut

259 2949 385 2995 nemetes
401 2947 460 3010 tour.
477 2947 616 3011 Hesychia,
626 2951 786 2999 nmrnsiost
822 2950 923 3014 quidem
932 2951 1044 3013 videtur,
1052 2951 1190 3016 Thynlsdls
1197 2949 1279 3013 hujus,
1287 2963 1349 3013 quas

259 3020 316 3072 zris
327 3024 353 3071 ἐν
362 3021 419 3085 xip.
822 3026 908 3076 Plinio
920 3033 1028 3078 auctore
1036 3027 1172 3092 Apollonis
1181 3023 1276 3090 pariter
1285 3039 1353 3074 nun·

291 3095 428 3150 ‘CXXlK
450 3098 524 3161 mitt]
549 3099 637 3150 sinn.
659 3101 704 3150 tib.
726 3114 785 3153 xtr.
822 3110 918 3168 onpats
940 3110 997 3155 ert:
1021 3103 1166 3165 undecimo,
1182 3101 1225 3150 riv
1241 3107 1353 3162 Δαφνου-

259 3176 480 3237 papularum·
494 3189 586 3226 necne.
599 3177 785 3240 nocertcxn.
822 3180 882 3235 rior,
905 3193 953 3228 ceu
979 3179 1085 3229 alterins
1106 3181 1182 3243 plane
1202 3193 1233 3228 so
1253 3177 1352 3228 diversi

259 3260 292 3298 ns.
304 3263 331 3298 n.
345 3265 412 3314 pass.
822 3254 927 3317 oppidis
946 3256 1020 3318 enjus
1034 3256 1152 3305 Antiates
1163 3253 1243 3304 titisse
1254 3251 1354 3304 dieitur

290 3333 303 3368 t
321 3326 491 3392 Erpttrmrum]
511 3328 553 3378 De
564 3327 657 3392 quibus
673 3342 730 3391 esp.
744 3333 784 3378 tt.
821 3327 847 3376 Β.
869 3327 960 3388 Sabus,
980 3328 1012 3378 de
1030 3343 1082 3393 qno
1100 3329 1275 3390 Menologium
1293 3343 1353 3378 nos·

291 3398 444 3467 truatur]
470 3401 784 3467 consonemltocesutio·
822 3411 890 3453 trum
908 3403 1351 3466 Mr.Gtrsee,dlsseeundslllnil:

259 3478 511 3528 tenssevireseeus.
548 3477 784 3546 Est'orteestquoe
822 3478 1208 3544 Μήμητοῦὸσίουπατρδςὴμῦν
1222 3480 1351 3537 witru·

257 3551 337 3600 Pelus
345 3567 360 3601 ι
368 3553 500 3616 Stephano
510 3554 606 3604 (licitur
616 3573 621 3603 :
633 3557 737 3616 Πηλσῦς,
744 3558 785 3615 νῆ-
821 3555 911 3604 retum
921 3556 1080 3619 Δαφνουσίαε.

258 3642 300 3676 eos
316 3627 367 3691 περὶ
386 3629 452 3678 xlm.
486 3631 552 3680 Nam
567 3631 593 3679 in
605 3631 670 3682 Mss.
684 3633 748 3695 lieg.
763 3638 785 3680 t.
854 3629 860 3664 Ι
877 3631 991 3695 OErussu]
1010 3633 1069 3682 Vini
1084 3639 1213 3696 proventu
1224 3634 1294 3684 laets.
1308 3631 1349 3681 ol·

257 3707 282 3753 2.
293 3703 368 3752 Coit.
382 3709 404 3754 l.
416 3709 440 3754 2.
461 3705 553 3755 Tellusa
564 3707 697 3757 scribitur.
714 3707 782 3770 Δίφ·
823 3707 914 3767 voiana
930 3709 1000 3764 νῆσος
1016 3711 1048 3774 τῇ
1064 3709 1113 3771 xlp
1123 3709 1255 3772 προσεχὴς,
1266 3710 1352 3772 inqrrit

256 3797 338 3839 νουσα,
361 3780 415 3830 sive
441 3781 593 3842 Δαφνήεσσα,
624 3784 782 3843 amiseru-
822 3783 977 3846 Stephanus.
990 3785 1089 3835 Herod.
1107 3798 1220 3850 quoque,
1237 3784 1281 3834 lib.
1293 3797 1311 3832 t.
1323 3799 1351 3834 n.

256 3853 353 3904 Dttlert
374 3862 460 3904 alitem
479 3858 535 3905 lnee
550 3859 601 3906 situ
612 3860 692 3922 tnagis
705 3873 781 3922 qurum
823 3864 878 3910 lon.
890 3875 948 3924 pag.
963 3864 1003 3911 68.
1034 3861 1163 3924 ’suspirem
1183 3876 1198 3909 s
1213 3874 1350 3910 cervorum

256 3929 359 3979 nomine
367 3929 399 3978 ab
409 3943 439 3978 ea
451 3944 508 3994 quse
519 3931 662 3982 Ptolemae
672 3947 697 3984 v.
707 3939 728 3983 l.
737 3941 782 3982 ον·
821 3938 992 3988 multitudine.
1007 3937 1171 4001 Etpvttmre,
1180 3936 1229 3988 hoe
1240 3945 1290 3992 est.
1302 3939 1352 3986 tute

256 4007 713 4072 retemrelnspvowla,nunoupstnrr
723 4026 781 4062 eum
820 4016 966 4078 imperitans.
982 4015 1133 4080 Ἀργινσῦσα,
1141 4016 1190 4065 hoe
1201 4022 1252 4079 est,
1263 4015 1325 4064 olto.

255 4083 309 4131 buc
329 4085 468 4148 Daphnusa
483 4083 554 4133 diets
571 4084 614 4140 sit,
632 4086 657 4133 in
676 4101 725 4150 qun
739 4101 781 4135 sn·
851 4087 931 4137 llam
940 4089 987 4152 lsae]
997 4091 1119 4141 Proxime
1131 4101 1292 4150 memorata,
1304 4091 1349 4140 (Ε-

255 4160 493 4219 mus‚interClriurn
503 4161 685 4226 Smyrnamque
696 4162 781 4226 posits
819 4179 906 4228 unsre,
923 4171 951 4215 et
965 4168 1078 4232 reliqua.
1106 4167 1220 4227 'mm
1232 4167 1349 4231 sterilia.-

254 4248 287 4282 es
300 4235 408 4287 adverso
421 4237 516 4288 lenior:
537 4238 580 4290 illa
596 4239 711 4302 Thynias
728 4239 782 4290 Pii·
819 4241 963 4308 Μνόηησος,
991 4244 1076 4309 inquit
1102 4243 1259 4309 Stepltsnus,
1289 4247 1351 4307 post
