3144 4886
219 328 223 346 ·
254 316 321 382 952
627 329 660 378 c.
684 327 802 377 enirn
826 325 994 378 snouuor

254 473 326 538 siue
351 474 421 538 nlla
435 472 581 543 foemina,
596 472 687 536 omni
703 469 831 550 Venere
846 471 1015 548 abdicata,
1030 469 1104 534 sine
1121 472 1274 554 pecunia,
1290 488 1345 538 so·

254 577 309 642 cia
330 572 538 661 palmarum.¹‘
583 574 624 638 In
645 574 735 637 diem
760 591 805 636 ex
826 591 1165 655 eeqnooonvenaram
1187 575 1347 638 turbare-

251 679 409 755 nascitur,
432 678 523 758 large
547 675 840 758 frequentantibus,
863 693 947 758 quos
969 673 1162 738 vitasessos
1178 674 1347 738 admones

253 798 368 844 eorum
387 779 529 842 fortunae
548 777 671 841 flnctus
691 776 835 858 agitatu
878 775 930 838 lta
950 795 1006 858 per
1027 776 1224 840 saeculorum
1238 775 1347 840 millia

251 879 460 965 (incredibile
473 879 577 956 dictu)
591 895 672 961 gens
692 883 819 942 aeterna
839 883 899 957 est,
920 877 953 939 in
977 897 1044 960 qua
1067 881 1166 942 nenio
1188 878 1351 941 nasciturr

251 983 337 1046 Tam
349 981 508 1046 soecunda
523 981 590 1045 illis
602 981 741 1044 aliomm
757 980 836 1043 vitm
851 979 1052 1063 poenitentia
1065 987 1129 1043 est.
1158 979 1249 1044 Infra
1266 976 1345 1044 nos*

251 1084 416 1166 Engadda
427 1082 585 1167 oppidum
598 1083 672 1160 fuit,
683 1083 867 1148 secundum
888 1082 931 1146 ab
955 1081 1204 1165 Hierosolymis
1228 1082 1353 1146 l'crtilie¹

251 1190 332 1261 tate,
361 1185 651 1270 palmetorumque
680 1184 887 1250 nemoribus=
920 1203 1007 1248 nnnc
1034 1184 1170 1247 alterum
1200 1183 1345 1248 bustum.

251 1286 334 1350 inde
350 1286 527 1352 Masadam
550 1289 725 1352 castellum
748 1287 781 1350 in
804 1306 896 1369 rupe,
917 1292 952 1349 et
976 1289 1087 1368 ipsum
1109 1283 1200 1349 haud
1225 1284 1345 1368 procul

250 1387 478 1470 113111111111111.13
524 1388 567 1452 Ε1
581 1389 745 1452 hactenus
758 1388 781 1453 J
785 1387 884 1452 udaea
898 1395 960 1450 cst.

260 1539 265 1562 ,
295 1505 377 1552 xvr.
405 1488 554 1574 (xvru.)
583 1491 738 1572 iungitur
761 1491 792 1554 ei
819 1491 922 1554 latere
946 1488 1075 1572 Syriae·
1096 1488 1346 1571 Decapolitana

248 1593 351 1674 regio,
373 1613 394 1658 a
417 1612 552 1657 numero
577 1594 785 1676 oppidorum,
813 1595 926 1675 inquo
943 1609 1008 1654 non
1025 1610 1137 1654 omnes
1150 1591 1267 1655 eadem
1282 1592 1340 1655 ob-

249 1971 331 2020 1111111
342 1972 424 2020 Esseni
433 1972 541 2022 habitunt
555 1985 725 2034 usquequaque,
738 1972 812 2026 Gerre,
822 1973 863 2032 tu.
875 1971 1034 2019 Doleo-ll
1044 1967 1159 2018 Plurimi.
1170 1983 1225 2032 quos
1236 1970 1344 2028 uilases·

248 2037 399 2094 mascrtuuoe
410 2035 501 2100 fluctus
511 2038 542 2084 cd
557 2050 631 2084 mores
648 2051 726 2084 eorum
741 2039 802 2097 agit.
825 2033 908 2085 cuim.
919 2043 946 2084 et
962 2035 1046 2083 'l'oleu
1056 2033 1174 2098 fluctibus
1188 2034 1341 2094 agitne-re

249 2097 342 2162 Margo
353 2100 412 2150 edd.
426 2101 516 2150 natac.
528 2108 555 2149 et
565 2100 680 2150 Gronov.
692 2102 754 2150 unna
762 2101 843 2163 procel
852 2100 882 2149 ab
893 2099 1036 2164 Asphaltite.

739 2313 850 2366 NOTAE

249 2441 401 2504 populorum
413 2439 559 2507 frequentia
570 2443 697 2507 sejuncta.
731 2445 774 2494 De
814 2442 1176 2508 gaddisalomonnnocnpst.
1210 2439 1342 2488 vtensesr

248 2515 774 2582 'I'heoreticisEssenisaccipihrecdebe·
815 2521 973 2584 praegrandis
993 2517 1145 2571 ,ludaeorum
1167 2517 1246 2581 Juxta
1273 2531 1343 2565 mare

248 2603 285 2648 re,
296 2593 339 2656 qui
352 2593 377 2641 in
389 2596 442 2642 sola
453 2609 582 2644 sacrorum
594 2594 711 2645 codicum
723 2611 775 2645 me·
815 2587 964 2647 mortuum!

249 2668 374 2718 ditatione
398 2670 466 2720 diem
483 2678 565 2721 totum
585 2673 774 2736 transigebant,
882 2671 996 2733 Masada]
1012 2671 1126 2733 Solinus,
1149 2669 1196 2718 loc.
1217 2668 1261 2717 cit.
1278 2661 1349 2719 ‘Ju-x

249 2749 333 2806 neque
350 2750 433 2794 artem
446 2749 605 2796 exercebant
625 2749 774 2802 ademtam
816 2749 877 2798 dare
897 2750 1022 2796 terminon
1047 2746 1169 2796 Mareade
1192 2744 1343 2794 castellum!

248 2820 329 2868 verba
350 2819 405 2868 lraec
425 2822 545 2884 suadent,
560 2830 612 2872 turn
630 2824 698 2888 quod
715 2839 775 2874 mox
815 2827 858 2876 lta
877 2833 904 2874 et
922 2825 1077 2885 Martianus,
1094 2823 1189 2873 111111.
1208 2837 1266 2886 pag.
1284 2825 1344 2871 alo.

248 2893 330 2950 addit,
350 2905 451 2959 gentem
468 2912 523 2946 eam
543 2899 637 2948 sociam
651 2915 708 2950 esse
722 2902 774 2962 pal·
816 2899 917 2952 nactos
934 2901 1058 2963 deceptio,
1079 2899 1145 2948 Bell.
1163 2897 1224 2948 Jrrd.
1242 2911 1268 2947 v.
1280 2899 1303 2945 8.
1315 2913 1344 2960 p.

247 2982 357 3030 marum,
368 2971 414 3020 lroc
424 2981 474 3034 est,
484 2973 509 3020 iu
523 2975 649 3036 palmetis,
659 2976 776 3039 adeoque
815 2982 872 3027 881.
880 2977 1012 3026 castellum
1021 2973 1201 3023 validissimum
1211 2971 1278 3021 11111111
1286 2975 1344 3034 p'ro·

249 3045 359 3096 desertis
387 3048 450 3097 loeis
475 3059 580 3098 ararem
597 3050 702 3114 degere·
736 3053 775 3100 De
816 3056 858 3104 cul
875 3052 1070 3116 Hierosolymis,
1080 3051 1107 3099 ol
1121 3047 1197 3112 πόρῤω
1211 3047 1344 3112 Ἱεροσολύ-

247 3120 387 3186 Praeticis,
406 3124 474 3188 qnod
497 3126 605 3174 alterum
626 3139 706 3188 genus
733 3133 776 3176 est
814 3147 871 3191 μων.
896 3126 1259 3188 straboni,tib.xvr.p.ro⁴.
1277 3131 1343 3173 11111·

247 3197 412 3262 Ersenorum,
431 3199 590 3265 (quanquam
614 3208 641 3250 et
659 3201 678 3249 ii
700 3201 775 3250 dirisi
815 3204 883 3255 atra

247 3271 379 3337 bifariam,
394 3291 451 3326 narn
469 3277 512 3327 alii
529 3275 617 3339 ἄγαμοι
628 3286 655 3327 et
670 3277 774 3327 caelibes
849 3289 861 3313 ⁸
875 3280 960 3329 Intus
976 3278 1067 3342 Syrio]
1084 3278 1144 3329 Qua
1160 3277 1243 3340 vergit
1257 3276 1283 3324 io
1293 3277 1343 3340 Sy-

246 3347 360 3405 fuerunt.
378 3353 421 3400 alii
433 3354 528 3417 nuptiis
540 3354 685 3420 implicati)
694 3353 776 3405 refert
816 3357 878 3406 riam
901 3356 999 3418 Coeleu,
1019 3363 1047 3403 et
1071 3353 1195 3402 Libanum
1217 3359 1342 3402 montem.

248 3423 377 3488 losephus
389 3430 467 3478 ecsin
477 3431 581 3479 urbibus
593 3432 698 3495 degere,
709 3431 774 3480 Bell.
816 3431 922 3496 Oppida
942 3430 1032 3480 habuit
1055 3429 1241 3491 Decapolitana
1268 3426 1342 3490 regio

246 3500 308 3552 Jud.
322 3517 352 3553 11.
363 3507 387 3551 l.
400 3520 423 3568 p.
435 3509 492 3555 785.
505 3507 548 3555 ubi
559 3509 775 3557 oeteraneseno·
816 3508 956 3558 celebriora
972 3508 1039 3555 ultre
1050 3505 1198 3567 Jordanem,
1210 3511 1296 3566 atque,
1311 3510 1342 3551 ot

247 3591 301 3626 rum
312 3594 395 3630 nrores
407 3593 529 3633 accurrate
540 3585 671 3634 describit.
815 3585 915 3634 Plinius
935 3586 980 3641 ait,
999 3583 1024 3632 111
1043 3581 1164 3631 Arabiam
1184 3580 1342 3630 recedentia.

279 3651 290 3684 ¹
307 3654 378 3704 Sueto
397 3655 538 3722 puluinum]
555 3660 621 3708 Vide
642 3662 727 3711 Notas
746 3667 774 3710 et
814 3658 920 3709 Arabia
931 3659 997 3706 euim
1010 3657 1152 3706 Nomadum
1166 3654 1341 3718 appellatione

247 3727 448 3782 Emendationea
461 3749 528 3782 nuru.
539 3739 579 3784 45.
813 3735 868 3784 fere
887 3741 1017 3787 censetur,
1035 3731 1156 3796 quicquid
1169 3733 1235 3779 ultra
1246 3729 1341 3780 Jorda-

282 3801 288 3834 ¹
302 3803 373 3863 iufra
383 3806 436 3870 los}
453 3809 567 3873 Solinus,
576 3825 633 3874 esp.
644 3815 684 3860 85.
697 3826 723 3873 p.
733 3816 774 3861 66.
813 3825 871 3860 nem
884 3819 932 3860 est.
955 3811 1051 3858 'l'nmen
1064 3810 1141 3857 etiam
1154 3808 1191 3856 eis
1200 3805 1340 3857 Jordanem

245 3877 338 3928 'Infra
364 3882 476 3932 Essenos
503 3885 628 3948 Engaddn
650 3889 773 3951 oppidum
814 3887 1041 3938 habuitnonuulln.
1074 3883 1341 3934 NametClrristusa

245 3955 305 4015 fnit,
318 3956 362 4005 sed
380 3959 491 4008 excisum
512 3960 571 4010 est!
603 3962 774 4025 Π1λ1χ1ηέ1-
814 3964 906 4013 tinibus
928 3961 1061 4025 Tyriorum
1080 3960 1112 4009 ad
1135 3971 1203 4007 mare
1223 3958 1339 4006 Galilaeas

245 4032 315 4094 qaeu
325 4033 449 4098 Joseplm,
457 4035 524 4086 Bell.
535 4037 597 4088 Jod.
610 4053 636 4087 v.
649 4043 672 4089 3.
689 4039 774 4088 ‘lude
814 4037 959 4103 perrexisse
976 4036 1072 4088 dicitur
1087 4050 1133 4100 per
1144 4035 1207 4084 fines
1219 4035 1339 4096 Decapo-

245 4109 438 4170 opobalsamnm
459 4113 547 4177 venit,'
564 4114 647 4178 inquit
664 4114 771 4166 Hieron.
813 4117 876 4166 leos.

245 4180 288 4230 lib.
306 4182 338 4233 de
354 4186 416 4236 Loca
428 4185 510 4238 llebr.
529 4194 607 4254 ‘quta
621 4189 707 4240 uineas
718 4191 769 4241 En·
