3062 4884
494 381 583 430 nur.
605 381 703 430 nisu.
730 382 800 430 ιιι.
824 383 880 431 ιιι.
904 368 935 431 1.
1191 370 1254 436 547

162 523 435 606 primordio'anto
449 542 504 586 res
518 523 605 588 ullas
620 529 746 606 gestas,
761 531 1009 608 nuncupentur:
1033 530 1088 591 et⁷
1104 528 1148 594 sit
1162 539 1254 612 qum·

163 625 239 688 dam
255 625 289 688 in
303 624 357 688 liis
378 625 627 689 nomenclatura
641 625 785 707 quidem,
800 626 858 689 sed
874 625 989 690 muudi
1004 645 1179 711 rerumque
1193 649 1252 694 na·

177 743 256 789 urae.

163 730 177 789 t
203 798 378 891 Terrarum
394 827 485 891 orbis
500 827 675 890 universus
690 827 723 890 in
743 837 810 892 tres
829 827 989 892 dividitur
1004 833 1127 910 partes,
1146 826 1252 894 Euro-

160 948 250 1012 pam,
265 927 395 1006 Asiam,
408 927 569 994 Africam.
615 927 737 1010 Origob
756 932 799 994 ab
815 949 939 995 occasu
955 930 1046 995 Solis
1066 937 1099 996 et
1114 931 1252 997 Gadita·

160 1031 314 1106 noireto,
331 1049 400 1113 qua
415 1031 596 1112 irrumpens
612 1030 772 1094 Oceanus
786 1029 975 1096 Atlanticus
997 1031 1032 1095 in
1047 1035 1153 1098 maria
1167 1034 1252 1098 inte·

160 1128 248 1193 riora
270 1129 471 1194 diffunditur.
516 1130 607 1194 Hinc
632 1131 764 1196 intranti
790 1131 912 1196 dextra
934 1130 1052 1198 Africa
1074 1141 1139 1210 est,
1164 1136 1252 1200 laeva
1334 1143 1338 1150 '

158 1229 297 1316 Europa
308 1234 424 1298 :inter
445 1233 528 1296 liasc
544 1231 651 1297 Asia.8
695 1233 856 1312 Termini,
872 1254 984 1299 amnes
998 1234 1124 1300 Tanais
1138 1243 1171 1303 et
1186 1237 1250 1302 Ni·

159 1333 223 1398 lus.
257 1331 481 1411 Quindecim*
498 1351 537 1396 nr.
552 1353 644 1418 pass.
661 1333 694 1397 in
709 1333 959 1416 longitudinem,
975 1356 1062 1419 quas
1078 1337 1251 1416 diximus,⁸

159 1433 278 1499 lauces
305 1433 432 1499 Oceani
456 1439 583 1518 patent,
599 1434 748 1517 quinqua
772 1451 811 1499 ιι.
833 1436 868 1499 in
890 1436 1107 1516 latitudinem,
1127 1460 1150 1504 a
1173 1442 1250 1507 vico

160 1535 319 1600 Mellaria
334 1536 514 1620 Hispaniae
529 1534 571 1598 ad
596 1538 855 1618 promontorium
869 1536 994 1602 Africae
1008 1537 1159 1619 Album,‘
1171 1562 1251 1607 anca

159 1644 229 1702 torc
251 1638 417 1702 Turranio
439 1635 590 1702 Gracili⁹
604 1636 707 1720 juxta
722 1639 847 1718 genito.
877 1638 918 1702 T.
935 1639 1062 1718 Livius,
1076 1660 1117 1706 ac
1134 1641 1250 1728 Nepos

160 1739 336 1805 Cornelius
350 1739 539 1804 latitudinis
551 1738 768 1817 tradiderunt,
780 1741 837 1804 ubi
848 1741 1012 1817 minus,¹⁰⁸
1028 1757 1095 1806 vn.
1108 1759 1147 1807 ιι.
1159 1763 1253 1826 pass,

159 1842 218 1906 ubi
232 1861 312 1907 vero
326 1842 517 1924 plurimum,
534 1857 574 1904 x.
591 1857 630 1902 ιι.
673 1840 759 1905 Tam
782 1841 916 1906 modico
933 1861 990 1906 ore
1005 1849 1070 1906 tarn
1085 1843 1251 1912 immensa

159 1961 330 2026 aequorum
345 1945 485 2008 vastitas
500 1941 665 2025 panditur.
710 1941 786 2006 Nec
806 1943 972 2025 profunda
994 1944 1134 2010 altitudo
1153 1949 1251 2012 mira·

159 2043 271 2107 culum
288 2045 416 2109 minuit.
442 2038 668 2127 Frequentesh
682 2043 808 2125 quippe
823 2043 935 2107 taeniae
948 2043 1157 2110 candicantis
1171 2049 1249 2112 vadi

158 2145 289 2208 cannas
304 2147 464 2211 territant.
508 2144 588 2225 Qua
602 2143 645 2207 da
661 2163 766 2208 causa
777 2143 893 2208 Limon
909 2143 1027 2207 interni
1039 2146 1143 2210 maris
1153 2149 1250 2212 multi

158 2261 233 2307 euin
262 2245 375 2310 locum
410 2245 630 2331 appellavere.
688 2241 858 2316 Proximis
894 2241 1055 2308 autem¹¹¹
1091 2245 1249 2317 saucibus

157 2539 173 2584 1
190 2535 275 2586 cutm.
286 2535 356 2586 dalet
368 2535 397 2586 τὸ
406 2544 439 2604 et,
451 2538 575 2600 probante
585 2539 811 2604 Daieeampio.-8
828 2539 870 2606 lia
882 2537 965 2588 cium
982 2539 1046 2589 iuter
1057 2541 1081 2590 t.
1093 2541 1126 2592 A.
1141 2548 1177 2592 ert
1188 2543 1249 2593 edd.

157 2607 222 2650 vett.
234 2603 294 2650 item
307 2602 431 2652 Marduin.
441 2606 466 2652 2.
477 2605 501 2654 8.
518 2604 613 2653 Miller.
626 2605 731 2665 Bipont.
744 2612 771 2654 et
783 2605 923 2653 Frena-0
936 2604 977 2652 lta
990 2605 1248 2670 monumentique

158 2663 284 2728 codd.ap.
297 2665 423 2715 Harduln.
432 2668 492 2716 item
503 2667 564 2716 edd.
574 2667 703 2717 Harduin.
713 2675 734 2719 1.
746 2673 770 2718 2.
783 2673 807 2717 ³.
824 2667 920 2716 Miller.
931 2668 1038 2729 Bipont.
1046 2677 1073 2717 et
1087 2669 1178 2718 Franz.
1190 2672 1251 2720 Tur·

154 2729 223 2786 reaia
236 2730 354 2778 Graecula
367 2731 426 2779 edd.
439 2740 501 2780 rett-
512 2740 573 2781 ante
587 2731 777 2782 lietduin-ltl
794 2731 836 2780 lta
850 2729 935 2780 caim.
954 2733 1035 2795 liegg.
1048 2731 1175 2781 Hardnin.
1189 2739 1211 2784 l.
1223 2740 1249 2784 2.

158 2791 231 2840 Colb.
243 2798 266 2842 l.
276 2797 301 2842 8.
314 2801 340 2842 et
351 2795 435 2844 Paria.
447 2795 509 2844 itern
521 2795 580 2846 edd.
592 2795 719 2845 Harduio.
729 2801 752 2844 1.
763 2799 787 2845 2.
798 2799 822 2844 3.
841 2795 936 2844 Miller.
948 2796 1054 2858 Bipont.
1066 2804 1093 2844 et
1105 2797 1194 2847 lirana.
1207 2797 1248 2846 ulii

156 2856 279 2906 minirum
291 2857 350 2908 Ald.
361 2857 436 2908 lunt.
447 2860 526 2908 ilarii.
538 2860 619 2922 bugd.
633 2859 743 2922 Erasini,
755 2857 837 2917 erpd.
849 2863 920 2908 tuoe.
935 2860 1024 2908 Dalec.
1034 2859 1089 2909 Eia.
1099 2869 1125 2908 et
1135 2860 1248 2911 Gronov.

156 2924 219 2968 -ll
240 2921 282 2969 lta
293 2919 378 2970 cntffl.
389 2937 446 2972 cunr
460 2923 518 2972 edd.
531 2923 659 2974 Harduin.
671 2928 695 2973 l.
707 2929 732 2973 2.
743 2927 767 2973 8.
785 2923 881 2972 Miller.
894 2923 999 2985 Bipont.
1011 2931 1038 2971 et
1050 2924 1140 2974 Frena.
1159 2926 1248 2974 Proxi-

156 2997 195 3034 ιιι
205 2989 282 3035 urea
294 2986 353 3036 edd.
364 2995 427 3037 vett.
460 2988 533 3044 Mox,
544 3002 632 3052 margo
643 2987 703 3038 edd.
717 2987 808 3038 Dulce.
819 2996 846 3036 ct
858 2987 973 3038 Grouor.
985 2986 1090 3038 cracem
1100 2989 1173 3038 relati
1184 2991 1248 3039 cieu-

650 3131 757 3182 NOTAE

188 3239 201 3273 ⁸
218 3239 307 3304 Origo]
323 3241 420 3291 Melam
431 3241 558 3305 requitur,
574 3242 683 3292 itarrrl·
756 3252 769 3288 Ι
788 3243 836 3294 Uti
852 3245 941 3309 miram]
964 3243 1015 3295 Ubi
1037 3245 1184 3308 plurimum,
1205 3247 1250 3296 de-

157 3315 262 3366 bentem
282 3331 301 3366 ι.
317 3321 342 3366 l.
363 3318 449 3380 operia
467 3317 500 3367 de
520 3319 570 3367 ritu
590 3319 683 3369 Orbis:
725 3334 797 3370 cem:
817 3319 1085 3382 ulriminnr,aeptem:
1112 3321 1156 3370 uni
1174 3323 1247 3372 ruini-

155 3393 250 3442 ‘Nuue
261 3393 398 3452 exactius,'
417 3393 510 3458 inquit,
521 3394 596 3443 ‘orer
608 3395 684 3442 nitur·
724 3409 802 3450 nrum,
818 3395 931 3458 quinque
948 3395 1011 3444 mill.
1030 3408 1095 3458 pasc.
1112 3401 1140 3444 nt
1152 3395 1247 3446 dictum

157 3483 206 3534 que
214 3468 395 3528 dicturo,in‹le
403 3477 443 3518 ert
452 3470 683 3519 commodissimum
724 3477 764 3520 ert
783 3470 898 3534 proxime
915 3479 1000 3521 auten.
1033 3471 1101 3520 Vide
1121 3471 1203 3522 Notat
1221 3481 1248 3522 et

156 3542 280 3604 incipere,
292 3541 359 3590 uude
378 3549 462 3592 terrea
481 3551 595 3592 nostrum
614 3544 683 3606 pela-
723 3547 831 3596 Emeud.
844 3560 913 3595 num.
926 3551 949 3596 l.

157 3630 203 3679 gna
214 3615 376 3679 ingreditur,¹
386 3619 436 3665 llic.
754 3620 765 3655 ¹²
782 3623 939 3686 Frequenter]
959 3620 1032 3670 Adeo
1042 3635 1131 3686 parum
1142 3623 1248 3686 depuer-

188 3697 200 3725 θ
227 3691 295 3739 iuer
314 3689 367 3752 lor]
398 3691 464 3741 Nam
487 3693 598 3757 Europae
620 3692 683 3743 Aria
721 3698 743 3747 ri
758 3696 828 3746 tundi
848 3712 918 3747 mare
938 3697 974 3746 ibi
994 3710 1050 3746 erra
1068 3697 1206 3761 significat.
1219 3705 1248 3746 ut

157 3765 304 3830 Atricoeque
315 3768 475 3818 obtenditur.
722 3771 815 3820 rodum
831 3770 914 3834 iprum
932 3783 1049 3818 saxorum
1066 3777 1203 3834 appareat,
1217 3785 1248 3820 ac

188 3843 200 3876 ¹¹
218 3842 369 3905 Quindecim]
396 3843 439 3892 Sic
462 3843 615 3906 Martianus,
638 3845 682 3895 lilr.
720 3861 767 3911 per
786 3845 949 3897 latitudinem
969 3843 1029 3894 freti
1048 3846 1080 3894 ab
1100 3847 1204 3911 Europe
1221 3847 1247 3895 in

52 3917 55 3920 '
158 3929 194 3968 rt·
206 3932 229 3967 c.
241 3918 273 3966 de
287 3917 446 3967 rotunditate
460 3925 546 3980 terre,
559 3935 584 3982 p.
596 3923 651 3969 201.
722 3921 837 3973 Africam
848 3922 930 3971 instar
948 3921 1033 3971 laniae
1051 3919 1173 3972 iniciare
1189 3936 1247 3972 can-

188 3995 283 4051 οίὶιιι
299 3993 416 4057 dicimur]
434 3995 516 4044 Plane
538 3997 623 4060 niodo,
644 3997 683 4047 iria
723 3997 834 4047 dicentia
854 3997 1018 4060 porrigeturr
1045 3997 1137 4047 ταινίαν
1155 3997 1251 4060 ὕφαλον
1304 4045 1308 4056 ,

158 4071 258 4119 rerlrir:
275 4073 282 4098 ⁸
293 4070 423 4120 Gaditano
433 4069 521 4130 t'reto,⁹
532 4075 580 4122 &a
722 4075 838 4138 appellat
848 4073 951 4135 Strabo,
962 4071 1004 4122 lib.
1019 4085 1037 4121 ι.
1050 4087 1075 4134 p.
1085 4077 1127 4124 49.

189 4143 309 4209 Milium]
327 4146 404 4195 Niinc
416 4147 480 4209 Capu
488 4145 598 4208 Sportel:
614 4147 682 4198 idern
753 4148 760 4181 ¹
777 4150 900 4198 Proximis
916 4149 1005 4212 autem]
1030 4149 1144 4211 Montes,
1155 4149 1247 4214 inquit,

159 4221 308 4284 Ampelusia
320 4222 467 4285 vocitatum,
481 4235 506 4273 ιι.
521 4226 543 4270 1.
723 4224 851 4288 utrimque
868 4225 980 4288 imperiti
997 4222 1115 4274 saucibus
1128 4237 1185 4289 que
1197 4224 1249 4274 tia·
