3062 4884
249 408 316 473 661
616 421 648 470 o.
674 421 793 470 runnu
819 421 982 470 saeuum

267 601 272 608 ·
299 560 456 648 rv.·(1tt.)
478 561 647 628 Citerioris
663 561 959 646 Hispaniae-sicut
973 561 1192 643 complurium
1207 561 1344 642 pronio-

254 669 389 742 ciarum,
404 666 610 748 aliquantum
627 673 725 728 vetus
739 663 847 750 forma
869 668 995 728 mutata
1017 667 1088 728 est:
1123 669 1244 745 utpote
1266 679 1344 726 cum

253 769 436 852 Pompeius
452 767 599 848 Magnus
613 766 751 849 tropaeis
763 769 847 845 suis,
859 785 933 849 quae
946 765 1113 830 statuebat
1124 766 1157 829 in
1167 762 1345 848 Pyrenaeo,

254 876 525 936 ncoonxxv1.¹·
540 867 669 952 oppida
690 869 734 932 ab
748 867 893 953 Alpibus
907 867 949 931 ad
965 867 1048 931 fines
1062 866 1243 950 Hispaniae
1259 864 1353 955 ulte-l

254 973 349 1037 rioris
363 973 397 1036 in
412 970 570 1034 ditionem
584 989 605 1034 a
617 991 655 1034 ae
667 970 801 1036 redacta
816 977 956 1035 testatus
972 971 1027 1035 sit.
1052 969 1152 1034 Nunc
1168 965 1353 1032 universal.

252 1072 428 1156 provincia
443 1072 599 1137 dividitur
614 1074 648 1136 in
663 1079 846 1136 conventus
858 1078 1000 1155 septem:
1023 1070 1346 1153 Carthaginiensem,

252 1172 546 1251 Tarraconensem,
569 1173 920 1256 caesaraugustanum,
937 1172 1158 1248 Cluniensem,
1173 1171 1344 1247 Asturum,

253 1274 461 1352 Lucensem,²
493 1275 686 1339 Bracarum.
732 1273 910 1339 Accedunt
935 1274 1066 1351 insulae,
1091 1292 1229 1357 quarum
1254 1291 1354 1355 men-¹

253 1379 343 1443 tione
364 1378 528 1460 seposita,
543 1383 662 1460 praeter
684 1377 839 1442 civitates
862 1376 1069 1440 contributas
1091 1376 1167 1440 aliis
1192 1390 1346 1441 ccxorv·

253 1479 426 1561 provincia
447 1477 523 1560 ipsa
538 1479 683 1542 continet
697 1477 822 1560 oppida
838 1483 1037 1540 ornanum.c
1060 1477 1101 1540 ln
1117 1478 1159 1540 iis
1175 1477 1347 1542 colonias*

256 1595 327 1644 xu.
341 1579 469 1664 oppida
484 1577 608 1643 civium
622 1578 850 1646 Mmanorum
867 1593 955 1641 xur.
987 1577 1179 1642 Latinorum
1195 1587 1351 1644 veterum

255 1690 384 1746 xv111.⁵
398 1681 627 1747 foederatorum
643 1700 754 1759 uuum,
776 1679 992 1763 stipendiaria
1008 1679 1174 1744 cxxxv.⁶

298 1785 403 1848 Primi
418 1785 452 1848 in
466 1802 525 1848 ora
540 1783 669 1849 Bastuli
684 1779 718 1846 τά
748 1787 909 1866 posteos,
925 1800 993 1865 quo
1011 1781 1141 1846 dicetur
1154 1779 1280 1860 ordine,
1296 1783 1347 1848 in·

254 1890 311 1948 tus
325 1885 519 1950 recedentes
541 1884 740 1963 Mentesani,
755 1883 902 1961 Oretani,
917 1889 953 1948 et
973 1882 1016 1948 ad
1037 1883 1169 1966 Tagum
1185 1882 1350 1968 Carpeta-.

253 1987 306 2052 ni:
338 1986 439 2070 juxta
464 2008 525 2052 eos
549 1986 699 2062 Vaccaei,
726 1985 908 2064 Vectooes,
934 1993 968 2050 et
994 1985 1151 2050 Celtiberi
1182 1983 1348 2050 Arenata

256 2086 393 2174 Oppida
408 2110 476 2155 orae
495 2089 668 2174 proxima:
700 2088 807 2165 uter:
827 2087 1096 2171 adscriptumque
1117 2088 1258 2154 Baetiore
1279 2089 1346 2153 Ba-

712 2264 889 2288 annuunt

288 2387 355 2437 Can.
373 2398 410 2435 rr.
431 2389 444 2433 1
462 2383 546 2436 chiffl.
564 2385 708 2434 LXXVII.
733 2383 793 2433 Ald.
820 2383 894 2434 lunt.
922 2382 1002 2433 Baril.
1021 2383 1103 2445 Lussd.
1131 2383 1230 2432 Erarm.
1258 2385 1348 2436 Dalec.

256 2450 340 2514 bugd.
351 2454 423 2499 1666.
441 2451 496 2499 Ele.
507 2457 534 2500 et
544 2449 659 2500 Gronov.
671 2447 867 2498 DCCCXLVI.
880 2449 954 2509 Mox,
962 2448 1003 2496 alu
1013 2463 1040 2498 re
1049 2449 1144 2498 reducta
1155 2447 1215 2496 Ver.
1224 2448 1348 2499 linteo.-

254 2513 372 2565 actiui.
390 2515 588 2564 turrensem-a
607 2511 691 2562 cirini.
709 2521 735 2562 et
748 2513 808 2562 Vet.
820 2513 932 2575 exempl.
945 2513 1042 2560 Eraanr.
1054 2513 1154 2575 reperite
1173 2512 1280 2562 citiutr'a
1299 2513 1347 2576 (al.

254 2577 375 2640 civitatee)
400 2579 521 2640 promocio
538 2578 589 2640 ipra
603 2583 691 2640 proter
715 2577 861 2626 contribulor
887 2577 942 2625 aliia
965 2576 1115 2625 CGXGlll.
1138 2578 1243 2626 confluet
1262 2577 1349 2640 oppida

257 2641 412 2692 CLXXIX.
429 2643 491 2692 Vct.
511 2642 604 2691 Doleo.
622 2647 709 2704 prater
730 2642 837 2690 ciuitates
855 2641 1000 2690 contributae
1018 2641 1072 2688 altu
1088 2641 1199 2690 ducentur
1216 2642 1349 2703 nonaginta

254 2707 493 2769 quotuor·,proaincln
504 2708 555 2770 ipra
571 2706 674 2755 continet
689 2707 774 2768 oppido
786 2703 940 2754 CLXXIX.
974 2704 1038 2752 Edd.
1059 2711 1121 2754 vett.
1139 2714 1166 2754 et
1181 2705 1295 2756 Gronov.
1312 2720 1349 2755 re·

254 2771 331 2832 punita
341 2777 428 2832 prater
436 2771 545 2821 civitatee
553 2771 698 2819 contribulor
707 2771 770 2832 alite,
784 2769 905 2830 manneio
916 2769 967 2831 ipro
978 2768 1052 2816 CCX
1054 2768 1091 2817 cl
1096 2767 1125 2816 V.
1139 2769 1242 2818 continet
1253 2769 1347 2833 oppida.

256 2835 316 2882 Vid.
338 2835 401 2884 Not.
423 2837 533 2884 Van-t
553 2835 582 2883 ln
605 2834 636 2882 iis
657 2835 752 2884 colonica
771 2835 831 2883 Vet.
850 2834 989 2883 Doleo—b
1007 2832 1050 2882 Ita
1070 2831 1145 2882 codd.
1165 2833 1302 2895 lietduini,
1320 2839 1349 2882 et

257 2896 341 2948 Clutil.
358 2901 421 2948 item
439 2900 499 2949 edd.
519 2899 648 2948 Harduin.
661 2903 684 2948 l.
696 2901 720 2946 2.
732 2901 757 2948 6.
782 2897 876 2946 Miller.
897 2898 1002 2960 Blpont.
1021 2904 1049 2947 et
1068 2897 1159 2946 Franz.
1177 2897 1268 2948 Xl'll.
1287 2897 1348 2947 edd.

256 2968 373 3012 vett-tl
390 2963 432 3012 lta
449 2962 525 3011 codd.
542 2962 671 3012 Hurdnini
694 2969 722 3010 et
741 2959 897 3011 enimcum
919 2961 979 3012 edd.
999 2961 1127 3010 Herduin.
1140 2966 1163 3008 1.
1176 2965 1200 3009 t.
1212 2965 1237 3010 6.
1250 2961 1347 3013 Miller.

255 3026 361 3089 Bipont.
382 3036 409 3075 et
428 3027 519 3076 Franz.
548 3024 720 3075 CXXXVII.
738 3025 798 3074 Vot.
818 3025 928 3088 exempl.
948 3026 1066 3087 animi,
1091 3024 1237 3076 CXXXII.
1265 3026 1348 3090 bugd.

256 3091 371 3150 Erarmi3
389 3091 468 3139 CXX
470 3092 496 3139 X
500 3091 545 3140 Vl.
562 3092 653 3140 Dalec.
671 3089 753 3152 bugd.
766 3094 838 3138 1666.
855 3090 910 3140 Ele.
926 3099 953 3139 et
972 3089 1133 3140 Gronau-t
1150 3090 1266 3140 Arreburr'
1282 3089 1349 3142 Gru-

256 3169 317 3205 nor.
329 3164 354 3203 et
366 3154 424 3202 edd.
437 3163 500 3204 vett.
512 3163 572 3203 unte
584 3153 710 3204 Herduin.
727 3153 835 3202 ‘Scribe
846 3154 935 3202 Arlnci
943 3171 952 3210 ,-
970 3154 1019 3202 niri
1029 3153 1118 3203 Arbaci
1127 3165 1259 3204 contracte
1272 3149 1348 3215 dicti,

257 3221 300 3283 qui
311 3220 427 3269 Arrebuci
439 3217 584 3269 nonunllir.’
603 3219 690 3268 Heinr.
700 3218 763 3267 Ado.
772 3232 798 3280 p.
816 3221 872 3268 aar.
889 3219 980 3267 Arent
996 3217 1124 3268 Hardnin.
1136 3223 1159 3268 1.
1169 3223 1193 3267 2.
1206 3222 1230 3267 6.
1249 3219 1347 3269 Miller.

751 3391 857 3444 NOTAE

289 3513 299 3536 ²
310 3506 548 3569 DCCCLXXV1.]
557 3507 599 3556 Sic
611 3505 675 3554 Mer.
685 3518 781 3560 ornnes,
820 3503 902 3553 Tolet.
913 3503 997 3554 crunt.
1009 3507 1057 3554 tro.
1089 3507 1261 3557 Exactieaime
1274 3515 1348 3559 certe

257 3581 404 3644 Reg.Colb.
415 3583 498 3631 Paria.
509 3580 593 3630 chiffl.
613 3581 655 3630 De
663 3580 781 3641 Pompeii
821 3579 879 3628 buin
891 3596 994 3629 ntimunn
1014 3582 1222 3648 respondetque
1242 3585 1348 3648 subjici-

257 3655 362 3718 tropaeir
381 3658 407 3704 in
426 3656 554 3719 Pyrenaeo
570 3656 670 3720 positis,
686 3653 781 3704 Strabo
822 3665 864 3704 tur
892 3671 1012 3705 numerus
1040 3657 1193 3720 oppidorum
1220 3661 1348 3710 citerioris

255 3731 301 3779 lib.
314 3745 356 3780 ιιι.
369 3747 393 3796 p.
407 3737 461 3782 156.
823 3731 966 3794 Hispania.
982 3747 1027 3780 reu
1038 3732 1245 3784 Tarraconensis.
1279 3737 1349 3787 (lorr-¹

288 3805 299 3838 l
317 3808 389 3856 Nunc
407 3808 528 3871 uniuerso]
549 3807 615 3856 Haec
636 3806 782 3854 Martianus
822 3806 926 3855 tribute
936 3806 1059 3878 civitates
1069 3821 1107 3854 ear
1118 3816 1188 3870 torn,
1199 3823 1256 3872 quea
1267 3811 1349 3874 majo·

255 3881 345 3932 iisdem
357 3883 450 3946 verbis,
460 3883 505 3933 lib.
518 3897 555 3932 ιι.
567 3897 625 3946 cap.
642 3882 674 3929 de
687 3881 781 3945 Hispa·
822 3897 877 3931 rum
890 3881 1065 3946 jurisdictioni
1077 3896 1107 3930 ac
1118 3880 1174 3932 t'oro
1185 3893 1287 3946 parent.

256 3958 307 4014 nia,
327 3971 384 4022 pap.
399 3961 457 4007 2⁰8.
491 3958 590 4007 Horum
611 3965 781 4006 conventuum
853 3957 864 3991 ἅ
882 3958 991 4020 Bastuli]
1008 3959 1058 4009 uui
1070 3959 1243 4010 etbaetetaui
1254 3961 1349 4026 Plinio,

255 4036 353 4084 mentio
361 4032 417 4084 fere
426 4035 538 4083 omniurn
548 4032 705 4096 inlusoript.
714 4031 782 4080 Gru·
823 4040 851 4084 ut
863 4035 972 4083 dirimna
984 4049 1041 4096 sup.
1052 4048 1109 4097 cap.

257 4112 315 4158 teri.
348 4109 568 4173 tacendumne
586 4107 677 4158 Anrbr.
697 4109 783 4158 Mora·
855 4111 954 4174 ε16τί]
971 4109 1049 4173 Οὔρκη
1061 4109 1215 4174 Ptolemae,
1233 4126 1264 4162 ιι.
1281 4115 1305 4162 6.
1323 4114 1348 4162 in

258 4185 306 4248 lea,
317 4187 359 4237 lib.
372 4201 411 4236 vr.
424 4186 467 4237 fol.
477 4191 519 4236 69.
822 4185 1016 4235 Buritanorum
1027 4199 1080 4234 ora.
1113 4184 1155 4233 De
1167 4199 1198 4234 er
1210 4186 1266 4248 jam
1282 4185 1348 4236 dixi·

290 4269 301 4293 ⁰
319 4262 413 4325 Oppida
430 4260 594 4324 CLXXIX]
617 4262 659 4313 lto
675 4262 740 4327 lieg.
757 4265 781 4312 2.
823 4275 878 4311 mus
890 4274 948 4324 rup.
959 4260 1061 4324 capud
1078 4271 1111 4309 ea
1127 4260 1220 4310 rerba:
1239 4261 1349 4312 ‘Mora
